\bibitem{dots} High-performance multithreaded stack of unity information-oriented technologies. Retrieved July 19, 2019 at address \url{https://unity.com/ru/dots}

\bibitem{ecs} Unity Foundation -- Introduction to ECS. Retrieved July 19, 2019 at address \url{https://unity3d.com/ru/learn/tutorials/topics/scripting/introduction-ecs}

\bibitem{disser} Vlada V. Kugurakova. 2019. Mathematical and software multi-user simulators with immersion in immersive virtual environments. Dis. kand. Techn. Sciences: 05.13.11. Kazan Federal University, Kazan, 187 p.

\bibitem{vr-simulators} Vlada Kugurakova. 2018. Automated approach to creating multi-user simulators in virtual reality. CEUR Workshop Proceedings. Vol.2260, 313--320.  

\bibitem{visual-editor} Vlada Kugurakova, Vitaly Abramov, Michael Abramsky, Nadir Monks, Azat Maslaviev. 2017. Visual editor of scenarios for virtual laboratories. Developments in the design of electronic systems. DeSE 2017. France, Paris, June 14-16, 242--247.

\bibitem{selenium} Elior Vila, Galia Novakova and Diana Todorova. 2017. Automation Testing Framework for Web Applications with Selenium WebDriver: Opportunities and Threats. ICAIP 2017 Proceedings of the International Conference on Advances in Image Processing, 144--150. \url{https://doi.org/10.1145/3133264.3133300} 

\bibitem{rpc_testing} Arnaldo Marulitua Sinaga, Adi Wibowo P., Ariestoni Silalahi and Nita Yolanda. 2018. Performance of Automation Testing Tools for Android Applications. 10th International Conference on Information Technology and Electrical Engineering (ICITEE), 534--539. \url{https://doi.org/10.1109/ICITEED.2018.8534756}

\bibitem{appium_opencv} Maxim Mozgovoy, Evgeny Pyshkin. 2018. Unity Application Testing Automation with Appium and Image Recognition. In: Itsykson V., Scedrov A., Zakharov V. (eds) Tools and Methods of Program Analysis. TMPA 2017. Communications in Computer and Information Science, Vol.779, 139--150. Springer, Cham. \url{https://doi.org/10.1007/978-3-319-71734-0_12}

\bibitem{interceptor} Douglas Schmidt, Michael Stal, Hans Rohnert and Frank Buschmann. April 2001. Pattern-Oriented Software Architecture Vol.2: Patterns for Concurrent and Networked Objects, 109--140.

\bibitem{broker} Architectural pattern `Broker". Retrieved July 19, 2019 at address \url{http://cs.uno.edu/~jaime/Courses/4350/broker.ppt}

\bibitem{pac} Joëlle Coutaz. 1987. "PAC: AN OBJECT ORIENTED MODEL FOR IMPLEMENTING USER INTERFACES". ACM SIGCHI Bulletin. Vol. 19 (2), 37-–41. \url{https://doi.org/10.1145/36111.1045592}

\bibitem{jsr} JSR 299: Contexts and Dependency Injection for the JavaTM EE platform. Retrieved July 19, 2019 at address \url{https://jcp.org/en/jsr/detail?id=299}

\bibitem{videodemo} Automated Test Framework DevScene. Retrieved October 10, 2019 at address \url{https://youtu.be/yQSvvuGT9MI}
=======================

@Book{solid,
  author =       {Robert C. Martin and James W. Newkirk and Robert S. Koss},
  title =        {Fast software development. Principles, examples, practice},
  year =         {2004},
  language =     "english"
}

@Book{dry,
author =       {Jeremy Miller, найти про DRY},
title =        {The Don’t Repeat Yourself Principle and the Wormhole Anti-Pattern},
year =         {2007},
language =     "english"
}

@Book{razor,
author =       {Anselm Blumer and Andrzej Ehrenfeucht and David Hasler and Manfred K. Warmuth},
title =        {Occam's Razor Information Processing Letters 24(6)},
year =         {1987},
language =     "english",
pages = {377--380}
}

@Book{dots,
title =        {High-performance multithreaded stack of unity information-oriented technologies},
url =         {https://unity.com/ru/dots},
language =     "russian"
}

